<?xml version="1.0" encoding="UTF-8"?><collection xmlns="http://www.loc.gov/MARC21/slim"><record><leader>00358nam--2200121-i-4500</leader><controlfield tag="001">000017185</controlfield><controlfield tag="002">20161230</controlfield><controlfield tag="005">20161230201032</controlfield><controlfield tag="008">060222s1000------------r-----000-0-eng-d</controlfield><datafield ind1=" " ind2=" " tag="080"><subfield code="a">061.(520):001.891:539</subfield></datafield><datafield ind1=" " ind2=" " tag="245"><subfield code="a">Riken. the institute of physical and chemical research</subfield></datafield><datafield ind1=" " ind2=" " tag="260"><subfield code="a">The Institute Of Physical And Chemical Researc ,H, 1993, 93 P</subfield></datafield><datafield ind1=" " ind2=" " tag="852"><subfield code="a">80134</subfield></datafield></record></collection>